%-------------------------------------------------------------------------------

% This file is part of Code_Saturne, a general-purpose CFD tool.
%
% Copyright (C) 1998-2019 EDF S.A.
%
% This program is free software; you can redistribute it and/or modify it under
% the terms of the GNU General Public License as published by the Free Software
% Foundation; either version 2 of the License, or (at your option) any later
% version.
%
% This program is distributed in the hope that it will be useful, but WITHOUT
% ANY WARRANTY; without even the implied warranty of MERCHANTABILITY or FITNESS
% FOR A PARTICULAR PURPOSE.  See the GNU General Public License for more
% details.
%
% You should have received a copy of the GNU General Public License along with
% this program; if not, write to the Free Software Foundation, Inc., 51 Franklin
% Street, Fifth Floor, Boston, MA 02110-1301, USA.

%-------------------------------------------------------------------------------

@Article{Archambeau:2004,
title = {\CS: a Finite Volume Code for the Computation of Turbulent
Incompressible Flows},
author = {Archambeau, F. and M\'{e}chitoua, N. and Sakiz, M.},
journal = {Industrial Applications, International Journal on Finite Volumes},
year = {2004},
volume ={1},
pages = {}
}

@article{Aupoix:2003,
title = "Extensions of the Spalart-Allmaras turbulence model to account for wall roughness ",
journal = "International Journal of Heat and Fluid Flow ",
volume = "24",
number = "4",
pages = "454 - 462",
year = "2003",
issn = "0142-727X",
doi = "10.1016/S0142-727X(03)00043-2",
url = "http://www.sciencedirect.com/science/article/pii/S0142727X03000432",
author = "B. Aupoix and P.R. Spalart",
keywords = "Boundary layer",
keywords = "Equivalent sand grain",
keywords = "Heat transfer",
keywords = "Pressure gradient",
keywords = "Skin friction",
keywords = "Turbulence modelling",
keywords = "Wall roughness "
}

@article{Behnia:1999,
	Author = {Behnia, M. and Parneix, S. and Shabany, Y. and Durbin, PA},
	Date-Added = {2012-07-12 10:39:41 +0000},
	Date-Modified = {2012-07-12 10:39:41 +0000},
	Journal = {International Journal of heat and fluid flow},
	Number = {1},
	Pages = {1--9},
	Publisher = {Elsevier},
	Title = {Numerical study of turbulent heat transfer in confined and unconfined impinging jets},
	Volume = {20},
	Year = {1999},
}

@InBook{BernEppstein:1995,
title = {Mesh Generation and Optimal Triangulation},
author = {Bern, M. and Eppstein, D.},
eprint = {Computing in Euclidean Geometry},
edition = {2nd},
editor = {Du D.-Z. and Hwang F.K.},
publisher = {World Scientific},
howpublished = {\url{http://www.ics.uci.edu/~eppstein/pubs/geom-tri.html}},
year = {1995},
pages = {47-123},
note = {Tech. Rep. CSL-92-1, Xerox PARC, 1992.}
}

@article{Berton:2002,
	Author = {Berton, E. and Allain, C. and Favier, D. and Maresca, C.},
	Date-Added = {2012-06-05 17:16:03 +0200},
	Date-Modified = {2012-06-05 17:16:03 +0200},
	Journal = {Notes on Numerical Fluid Mechanics and Multidisciplinary Design},
	Pages = {97--104},
	Title = {Experimental methods for subsonic flow measurements},
	Volume = {81},
	Year = {2002}
}

@article{Billard:2012,
title = "A robust $k-\varepsilon-\overline{v^2}/k$ elliptic blending turbulence model applied to near-wall, separated and buoyant flows",
journal = "International Journal of Heat and Fluid Flow",
volume = "33",
number = "1",
pages = "45 - 58",
year = "2012",
note = "",
issn = "0142-727X",
doi = "10.1016/j.ijheatfluidflow.2011.11.003",
url = "http://www.sciencedirect.com/science/article/pii/S0142727X11001512",
author = "F. Billard and D. Laurence",
keywords = "RANS",
keywords = "Turbulence modelling review",
keywords = "Channel flow buffer layer",
keywords = "Logarithmic and defect layer",
keywords = "Near-wall effects",
keywords = "Heat transfer",
keywords = "Unstructured finite volume method "
}

@article{Borghi:1978a,
  title={On the scale of the fluctuation in turbulent combustion},
  author={Borghi, R. and Dutoya, D.},
  journal={17th Int.Symp. on Combustion},
  year={1978}
}

@Misc{BouckerMattei:2000,
title = {Proposition de modification des conditions aux limites de paroi turbulente pour le Solveur Commun dans le cadre du modèle $k-\varepsilon$ standard},
author = {Boucker, M. and Mattéi, J.D.},
howpublished = {EDF Report HI-81/00/019/A(in French).},
year = {2000}
}

@article{Caremoli:2012,
	Author = {CAREMOLI, C. and RASCLE, P. and AUBRY, S. and OLIVE, J.},
	Date-Added = {2012-06-26 07:28:00 +0000},
	Date-Modified = {2012-06-26 07:28:00 +0000},
	Title = {THYC, UN CODE THERMO-HYDRAULIQUE 3D DE MODELISATION DES FAISCE},
}

@article{Chorin:1968,
  title={Numerical solution of the Navier-Stokes equations},
  author={Chorin, Alexandre Joel},
  journal={Mathematics of computation},
  volume={22},
  number={104},
  pages={745--762},
  year={1968}
}

@article{Curl:1963a,
  title={Dispersed phase mixing: theory and effects in simple reactors},
  author={Curl, R.L.},
  journal={AIChE J.},
  volume={9},
  pages={175--181},
  year={1963}
}

@article{Dejoan:2005,
	Author = {Dejoan, A. and Jang, Y.J. and Leschziner, MA},
	Date-Added = {2012-05-19 18:07:08 +0200},
	Date-Modified = {2012-05-19 18:07:08 +0200},
	Journal = {Journal of fluids engineering},
	Pages = {872},
	Title = {Comparative LES and unsteady RANS computations for a periodically-perturbed separated flow over a backward-facing step},
	Volume = {127},
	Year = {2005},
}

@article{Durbin:1991,
	Author = {Durbin, PA},
	Date-Added = {2012-07-17 08:54:20 +0000},
	Date-Modified = {2012-07-17 08:54:20 +0000},
	Journal = {Theoretical and Computational Fluid Dynamics},
	Number = {1},
	Pages = {1--13},
	Publisher = {Springer},
	Title = {Near-wall turbulence closure modeling without ``damping functions''},
	Volume = {3},
	Year = {1991},
}

@article{Durbin:1996,
	Author = {Durbin, PA},
	Date-Added = {2012-05-02 09:43:45 +0200},
	Date-Modified = {2012-05-02 09:43:45 +0200},
	Journal = {International journal of heat and fluid flow},
	Number = {1},
	Pages = {89--90},
	Publisher = {Elsevier},
	Title = {On the k-3 stagnation point anomaly},
	Volume = {17},
	Year = {1996},
}

@Article{ElGindyEverettToussaint:1993,
title = {Slicing an Ear Using Prune and Search},
author = {ElGindy, H. and Everett, H. and Toussaint, G. T.},
journal = {Pattern Recognition Letters},
year = {1993},
volume ={14},
pages = {719-722}
}

@PhDThesis{Escaich:2000a,
title = {Une description am\'elior\'ee de la combustion turbulente dans les flammes de charbon pulv\'eris\'e},
author = {Escaich, A.},
school = {Universit\'e de Rouen},
year = {2011}
}

@article{Fadai:2008,
	Author = {Fadai-Ghotbi, A. and Manceau, R. and Bor{\'e}e, J.},
	Date-Added = {2012-06-29 06:44:42 +0000},
	Date-Modified = {2012-06-29 06:44:42 +0000},
	Journal = {Flow, Turbulence and Combustion},
	Number = {3},
	Pages = {395--414},
	Publisher = {Springer},
	Title = {Revisiting URANS computations of the backward-facing step flow using second moment closures. Influence of the numerics},
	Volume = {81},
	Year = {2008},
}

@article{Fadai:2010a,
	Author = {Fadai-Ghotbi, A. and Friess, C. and Manceau, R. and Bor{\'e}e, J.},
	Date-Added = {2012-06-29 06:42:33 +0000},
	Date-Modified = {2012-06-29 06:42:33 +0000},
	Journal = {Physics of Fluids},
	Pages = {055104},
	Title = {A seamless hybrid RANS-LES model based on transport equations for the subgrid stresses and elliptic blending},
	Volume = {22},
	Year = {2010},
}

@article{Fadai:2010b,
	Author = {Fadai-Ghotbi, A. and Friess, C. and Manceau, R. and Gatski, T.B. and Bor{\'e}e, J.},
	Date-Added = {2012-06-28 16:41:51 +0000},
	Date-Modified = {2012-06-28 16:41:51 +0000},
	Journal = {International Journal of Heat and Fluid Flow},
	Number = {3},
	Pages = {378--389},
	Publisher = {Elsevier},
	Title = {Temporal filtering: A consistent formalism for seamless hybrid RANS-LES modeling in inhomogeneous turbulence},
	Volume = {31},
	Year = {2010},
}
@article{Iaccarino:2001,
	Author = {Iaccarino, G.},
	Date-Added = {2012-07-11 11:58:31 +0000},
	Date-Modified = {2012-07-11 11:58:31 +0000},
	Journal = {Journal of Fluids Engineering},
	Pages = {819},
	Title = {Predictions of a turbulent separated flow using commercial CFD codes},
	Volume = {123},
	Year = {2001},
}

@article{Jarrin:2008,
	Author = {Jarrin, N. and Uribe, J. and Prosser, R. and Laurence, D.},
	Date-Added = {2012-06-28 16:31:31 +0000},
	Date-Modified = {2012-06-28 16:31:31 +0000},
	Journal = {Advances in Hybrid RANS-LES Modelling},
	Pages = {77--86},
	Publisher = {Springer},
	Title = {Synthetic inflow boundary conditions for wall bounded flows},
	Year = {2008},
}

@article{Jarrin:2009,
	Author = {Jarrin, N. and Prosser, R. and Uribe, J.C. and Benhamadouche, S. and Laurence, D.},
	Date-Added = {2012-06-28 16:29:16 +0000},
	Date-Modified = {2012-06-28 16:29:16 +0000},
	Journal = {International Journal of Heat and Fluid Flow},
	Number = {3},
	Pages = {435--442},
	Publisher = {Elsevier},
	Title = {Reconstruction of turbulent fluctuations for hybrid RANS/LES simulations using a Synthetic-Eddy method},
	Volume = {30},
	Year = {2009},
}

@article{Jakirlic:2002,
	Author = {Jakirlic, S. and Hanjalic, K.},
	Date-Added = {2012-07-17 09:04:14 +0000},
	Date-Modified = {2012-07-17 09:04:14 +0000},
	Journal = {Journal of fluid mechanics},
	Number = {1},
	Pages = {139--166},
	Publisher = {Cambridge Univ Press},
	Title = {A new approach to modelling near-wall turbulence energy and stress dissipation},
	Volume = {459},
	Year = {2002},
}

@article{Jones:1972,
	Author = {Jones, WP and Launder, B.E.},
	Date-Added = {2012-07-17 09:02:11 +0000},
	Date-Modified = {2012-07-17 09:02:11 +0000},
	Journal = {International Journal of Heat and Mass Transfer},
	Number = {2},
	Pages = {301--314},
	Publisher = {Elsevier},
	Title = {The prediction of laminarization with a two-equation model of turbulence},
	Volume = {15},
	Year = {1972},
}

@article{Kobayashi:1976,
journal = "16th Int.Symp. on Combustion",
pages = "425--441",
year = "1976",
author = "Kobayashi, H. and ???"
}

@article{Launder:1974,
title = "The numerical computation of turbulent flows ",
journal = "Computer Methods in Applied Mechanics and Engineering ",
volume = "3",
number = "2",
pages = "269 - 289",
year = "1974",
note = "",
issn = "0045-7825",
doi = "10.1016/0045-7825(74)90029-2",
url = "http://www.sciencedirect.com/science/article/pii/0045782574900292",
author = "B.E. Launder and D.B. Spalding"
}

@article{Launder:1975,
  title={Progress in the development of a Reynolds-stress turbulence closure},
  author={Launder, BE and Reece, G Jr and Rodi, W},
  journal={Journal of fluid mechanics},
  volume={68},
  number={03},
  pages={537--566},
  year={1975},
  publisher={Cambridge Univ Press}
}

@article{Libby:2000a,
  title={A presumed PDF analysis of lean partially premixed turbulent combustion},
  author={Libby, P.A. and Williams, F.A.},
  journal={Combust. Sci. Technol.},
  volume={161},
  pages={351--390},
  year={2000}
}

@article{Manceau:2002,
  title={Elliptic blending model: A new near-wall Reynolds-stress turbulence closure},
  author={Manceau, R{\'e}mi and Hanjali{\'c}, Kemal},
  journal={Physics of Fluids},
  volume={14},
  pages={744},
  year={2002}
}

@article{Martinat:2008,
	Author = {Martinat, G. and Braza, M. and Hoarau, Y. and Harran, G.},
	Date-Added = {2012-06-05 16:02:51 +0200},
	Date-Modified = {2012-06-05 16:02:51 +0200},
	Journal = {Journal of Fluids and Structures},
	Number = {8},
	Pages = {1294--1303},
	Publisher = {Elsevier},
	Title = {Turbulence modelling of the flow past a pitching NACA0012 airfoil at 105 and 106 Reynolds numbers},
	Volume = {24},
	Year = {2008},
}

@article{Moryossef:2006,
	Author = {Moryossef, Y. and Levy, Y.},
	Date-Added = {2012-07-09 10:40:31 +0000},
	Date-Modified = {2012-07-09 10:40:31 +0000},
	Journal = {Journal of Computational Physics},
	Number = {1},
	Pages = {88--108},
	Publisher = {Elsevier},
	Title = {Unconditionally positive implicit procedure for two-equation turbulence models: Application to< i> k</i>--< i> $\omega$</i> turbulence models},
	Volume = {220},
	Year = {2006},
}

@article{Parneix:1996,
	Author = {Parneix, S. and Durbin, PA},
	Date-Added = {2012-07-01 10:01:19 +0000},
	Date-Modified = {2012-07-01 10:01:19 +0000},
	Journal = {Annu. Res. Briefs},
	Pages = {17--30},
	Publisher = {Citeseer},
	Title = {A new methodology for turbulence modelers using DNS database analysis},
	Volume = {1996},
	Year = {1996},
}

@article{Pettersson:2006,
	Author = {Pettersson-Reif, B.A. and Gatski, TB and Rumsey, CL},
	Date-Added = {2012-07-09 10:26:43 +0000},
	Date-Modified = {2012-07-09 10:26:43 +0000},
	Journal = {Physics of Fluids},
	Pages = {065109},
	Title = {On the behavior of two-equation models in nonequilibrium homogeneous turbulence},
	Volume = {18},
	Year = {2006},
}

@article{Pinelli:2010,
	Author = {Pinelli, A. and Naqavi, IZ and Piomelli, U. and Favier, J.},
	Date-Added = {2012-06-22 07:55:27 +0000},
	Date-Modified = {2012-06-22 07:55:27 +0000},
	Journal = {Journal of Computational Physics},
	Number = {24},
	Pages = {9073--9091},
	Publisher = {Elsevier},
	Title = {Immersed-boundary methods for general finite-difference and finite-volume Navier-Stokes solvers},
	Volume = {229},
	Year = {2010},
}

@article{Pruett:2008,
	Author = {Pruett, C.},
	Date-Added = {2012-06-29 08:16:48 +0000},
	Date-Modified = {2012-06-29 08:16:48 +0000},
	Journal = {Theoretical and Computational Fluid Dynamics},
	Number = {3},
	Pages = {275--304},
	Publisher = {Springer},
	Title = {Temporal large-eddy simulation: theory and implementation},
	Volume = {22},
	Year = {2008},
}
@article{Robin:2005a,
	Author = {Robin, V. and ???},
	Journal = {ICDERS},
	Title = {Relevance of approximated PDF shapes for turbulent combustion modeling with variable equivalence ratio},
	Year = {2005},
}

@article{Ribert:2004a,
	Author = {Ribert, G. and Champion, M. and Plion, P.},
	Journal = {Combust. Sci. Technol.},
	Volume = {176},
	Pages = {907--923},
	Title = {Modeling turbulent reactive flows with variable equivalence ratio: application to the calculation of a reactive shear layer},
	Year = {2004},
}

@article{Rolfo:2010,
	Author = {Rolfo, S. and Uribe, JC and Laurence, D.},
	Date-Added = {2012-06-28 16:29:55 +0000},
	Date-Modified = {2012-06-28 16:29:55 +0000},
	Journal = {Direct and Large-Eddy Simulation VII},
	Pages = {409--414},
	Publisher = {Springer},
	Title = {LES and Hybrid RANS/LES of Turbulent Flow in Fuel Rod Bundle Arranged with a Triangular Array},
	Year = {2010},
}

@article{Rolfo:2011,
	Author = {Rolfo, S. and Uribe, JC and Laurence, D.},
	Date-Added = {2012-06-28 16:36:18 +0000},
	Date-Modified = {2012-06-28 16:36:18 +0000},
	Journal = {Direct and Large-Eddy Simulation VIII},
	Pages = {419--424},
	Publisher = {Springer},
	Title = {LES of heated fuel bundle arranged into triangular array},
}

@article{Rumsey:2006,
	Author = {Rumsey, CL and PETTERSSON REIF, B.A. and Gatski, TB},
	Date-Added = {2012-07-09 10:25:31 +0000},
	Date-Modified = {2012-07-09 10:25:31 +0000},
	Journal = {AIAA journal},
	Number = {7},
	Pages = {1586--1592},
	Publisher = {American Institute of Aeronautics and Astronautics},
	Title = {Arbitrary steady-state solutions with the K-$\varepsilon$ model},
	Volume = {44},
	Year = {2006},
}

@PhDThesis{Sapa:2011,
title = {Contribution \`a l'extension d'un sch\'ema incompressible pour la flammes \`a bas nombre de Froude - Pr\'e-requis \`a la mod\'elisation de l'incendie},
author = {Sapa, B.},
school = {Universit\'e de Poitiers},
year = {2011}
}

@Misc{Shewchuck:1999,
title = {Lecture Notes on Delaunay Mesh Generation},
author = {Shewchuk, J. R.},
institution = {Department of Electrical Engineering and Computer Science, University of California at Berkeley},
howpublished = {\url{http://www.cs.berkeley.edu/~jrs/meshf99/}},
year = {1999}
}

@article{Shir:1973,
  title={A preliminary numerical study of atmospheric turbulent flows in the idealized planetary boundary layer},
  author={Shir, CC},
  journal={Journal of the Atmospheric Sciences},
  volume={30},
  number={7},
  pages={1327--1339},
  year={1973}
}

@Article{Spalart:1992,
title = {Slicing an Ear Using Prune and Search},
author = {Spalart, P. R. and Allmaras, S. R.},
journal = {AIAA},
year = {1992},
}

@article{Spalding:1971a,
  title = {Mixing and chemical reaction in steady confined turbulent turbulent flames},
  author = {Spalding, D.B. and  ???},
  journal = {13th Int.Symp. on Combustion},
  year = {1971},
  pages={649--657},
}

@article{Speziale:1991,
  title={Modelling the pressure--strain correlation of turbulence: an invariant dynamical systems approach},
  author={Speziale, Charles G and Sarkar, Sutanu and Gatski, Thomas B},
  journal={Journal of Fluid Mechanics},
  volume={227},
  number={1},
  pages={245--272},
  year={1991},
  publisher={Cambridge Univ Press}
}

@article{Sveningsson:2004,
	Author = {Sveningsson, A. and Davidson, L.},
	Date-Added = {2012-07-12 10:55:12 +0000},
	Date-Modified = {2012-07-12 10:55:12 +0000},
	Journal = {International journal of heat and fluid flow},
	Number = {5},
	Pages = {785--794},
	Publisher = {Elsevier},
	Title = {Assessment of realizability constraints in v2--f turbulence models},
	Volume = {25},
	Year = {2004},
}

@Misc{Theussl:1998,
title = {A Review of Two Simple Polygon Triangulation Algorithms},
author = {Theu{\ss}l, T.},
howpublished = {\url{http://www.cg.tuwien.ac.at/~theussl/}},
year = {1998}
}

@article{Tincq:1995,
	Author = {TINCQ, D. and DAVID, F.},
	Date-Added = {2012-06-26 07:26:43 +0000},
	Date-Modified = {2012-06-26 07:26:43 +0000},
	Journal = {Revue g{\'e}n{\'e}rale de thermique},
	Number = {398},
	Pages = {141--153},
	Publisher = {Elsevier},
	Title = {THYC, un code 3D de thermohydraulique pour les g{\'e}n{\'e}rateurs de vapeur, des {\'e}changeurs de chaleur et les condenseurs: d{\'e}veloppements r{\'e}cents et cas de validation},
	Volume = {34},
	Year = {1995}
}

@Article{Toussaint:1991,
title = {Efficient Triangulation of Simple Polygons},
author = {Toussaint, G. T.},
journal = {The Visual Computer},
year = {1991},
volume ={7},
pages = {280-295}
}

@article{Uribe:2010a,
	Author = {Uribe, J. and Revell, A. and Moulinec, C.},
	Date-Added = {2012-06-28 16:39:39 +0000},
	Date-Modified = {2012-06-28 16:39:39 +0000},
	Journal = {Turbulence and Interactions},
	Pages = {385--391},
	Publisher = {Springer},
	Title = {Computation of Flow in a 3D Diffuser Using a Two-Velocity Field Hybrid RANS/LES},
	Year = {2010},
}

@article{Uribe:2010b,
	Author = {Uribe, J.C. and Jarrin, N. and Prosser, R. and Laurence, D.},
	Date-Added = {2012-06-28 16:34:59 +0000},
	Date-Modified = {2012-06-28 16:34:59 +0000},
	Journal = {Flow, turbulence and combustion},
	Number = {2},
	Pages = {181--197},
	Publisher = {Springer},
	Title = {Development of a two-velocities hybrid RANS-LES model and its application to a trailing edge flow},
	Volume = {85},
	Year = {2010},
}

@article{Yu:2006,
	Author = {Yu, D. and Girimaji, S.S.},
	Date-Added = {2012-04-26 10:37:23 +0200},
	Date-Modified = {2012-04-26 10:37:23 +0200},
	Journal = {Journal of Fluid Mechanics},
	Pages = {117--152},
	Publisher = {Cambridge Univ Press},
	Title = {Direct numerical simulations of homogeneous turbulence subject to periodic shear},
	Volume = {566},
	Year = {2006},
}

@inproceedings{Zaichik:2004,
	Author = {Zaichik, L. and Soloviev, S. and Skibin, A. and
Alipchenko, V},
	Booktitle = {5th International Conference on Multiphase Flow - ICMF},
	Pages = {117--152},
	Title = {A diffusion-inertia model for predicting
dispersion of low-inertia particles in turbulent flows},
	Volume = {220},
	Year = {2004},
}

@phdthesis{Nerisson:2009,
	Author = {Nerisson, P.},
	School = {IRSN/INPT},
	Title = {Mod\'elisation du Transfert des A\'erosols dans un Local Ventil\'e.},
	Year = {2009},
}

%%%%%%%%%%%%%%%%%%%%%%%%%%%%%%%%%%%%

@inproceedings{ashton2011hybrid,
	Author = {Ashton, N. and Prosser, R. and Revell, A.},
	Booktitle = {Journal of Physics: Conference Series},
	Date-Added = {2012-07-01 08:43:12 +0000},
	Date-Modified = {2012-07-01 08:43:12 +0000},
	Organization = {IOP Publishing},
	Pages = {042043},
	Title = {A hybrid numerical scheme for a new formulation of delayed detached-eddy simulation (DDES) based on elliptic relaxation},
	Volume = {318},
	Year = {2011},
}

@inproceedings{Fadai:2009,
	Author = {Fadai-Ghotbi, A. and Friess, C. and Manceau, R. and Gatski, T. and Bor{\'e}e, J. and others},
	Booktitle = {Proceedings of Sixth International Symposium on Turbulence and Shear Flow Phenomena},
	Date-Added = {2012-06-28 16:43:45 +0000},
	Date-Modified = {2012-06-28 16:43:45 +0000},
	Pages = {1051},
	Title = {Toward a consistent formalism for seamless hybrid rans--les modelling in inhomogeneous turbulence based on temporal filtering},
	Year = {2009},
}

@inproceedings{uribe2009two,
	Author = {Uribe, JC and Jarrin, N. and Prosser, R. and Laurence, D.},
	Booktitle = {IUTAM Symposium on Unsteady Separated Flows and their Control},
	Date-Added = {2012-06-28 16:34:26 +0000},
	Date-Modified = {2012-06-28 16:34:26 +0000},
	Organization = {Springer},
	Pages = {63--76},
	Title = {Two-Velocities Hybrid RANS-LES of a Trailing Edge Flow},
	Year = {2009},
}

@inproceedings{uribe2007hybrid,
	Author = {Uribe, J. and Jarrin, N. and Prosser, R. and Laurence, D.},
	Booktitle = {Proc. 5th Int. Symp. on Turbulence and Shear Flow Phenomena, Munich, Germany},
	Date-Added = {2012-06-28 16:32:27 +0000},
	Date-Modified = {2012-06-28 16:32:27 +0000},
	Pages = {701--706},
	Title = {Hybrid V2F RANS/LES model and synthetic inlet turbulence applied to a trailing edge flow},
	Year = {2007}}



@inproceedings{uhlmann2006performance,
	Author = {Uhlmann, M. and Pinelli, A.},
	Booktitle = {IUTAM Symposium on Computational Approaches to Multiphase Flow},
	Date-Added = {2012-06-22 07:53:13 +0000},
	Date-Modified = {2012-06-22 07:53:13 +0000},
	Organization = {Springer},
	Pages = {215--223},
	Title = {Performance of various fluid-solid coupling methods for DNS of particulate flow},
	Year = {2006},
}

@article{Mehrez:2011,
	Author = {Mehrez, Z. and Bouterra, M. and El, C.A. and Belghith, A. and Le, Q.P.},
	Date-Added = {2012-04-19 20:29:45 +0200},
	Date-Modified = {2012-04-19 20:29:45 +0200},
	Journal = {Thermal Science},
	Number = {2},
	Pages = {367--378},
	Title = {Mass transfer control of a backward-facing step flow by local forcing-effect of Reynolds number},
	Volume = {15},
	Year = {2011},
}

@article{Yoshioka:2001,
	Author = {Yoshioka, S. and Obi, S. and Masuda, S.},
	Date-Added = {2012-04-19 20:28:45 +0200},
	Date-Modified = {2012-04-19 20:28:45 +0200},
	Journal = {International journal of heat and fluid flow},
	Number = {3},
	Pages = {301--307},
	Publisher = {Elsevier},
	Title = {Organized vortex motion in periodically perturbed turbulent separated flow over a backward-facing step},
	Volume = {22},
	Year = {2001},
}

@article{Dejoan:2004,
	Author = {Dejoan, A. and Leschziner, MA},
	Date-Added = {2012-04-19 20:27:20 +0200},
	Date-Modified = {2012-04-19 20:27:20 +0200},
	Journal = {International journal of heat and fluid flow},
	Number = {4},
	Pages = {581--592},
	Publisher = {Elsevier},
	Title = {Large eddy simulation of periodically perturbed separated flow over a backward-facing step},
	Volume = {25},
	Year = {2004},
}

@article{yoshioka2001turbulence,
	Author = {Yoshioka, S. and Obi, S. and Masuda, S.},
	Date-Added = {2012-04-19 20:26:18 +0200},
	Date-Modified = {2012-04-19 20:26:18 +0200},
	Journal = {International journal of heat and fluid flow},
	Number = {4},
	Pages = {393--401},
	Publisher = {Elsevier},
	Title = {Turbulence statistics of periodically perturbed separated flow over backward-facing step},
	Volume = {22},
	Year = {2001},
}

@article{kalitzin2005near,
	Author = {Kalitzin, G. and Medic, G. and Iaccarino, G. and Durbin, P.},
	Date-Added = {2012-04-19 08:37:20 +0200},
	Date-Modified = {2012-04-19 08:37:20 +0200},
	Journal = {Journal of Computational Physics},
	Number = {1},
	Pages = {265--291},
	Publisher = {Elsevier},
	Title = {Near-wall behavior of RANS turbulence models and implications for wall functions},
	Volume = {204},
	Year = {2005},
}

@article{craft1998developments,
	Author = {Craft, TJ},
	Date-Added = {2012-04-02 12:18:41 +0200},
	Date-Modified = {2012-04-02 12:18:41 +0200},
	Journal = {International journal of heat and fluid flow},
	Number = {5},
	Pages = {541--548},
	Publisher = {Elsevier},
	Title = {Developments in a low-Reynolds-number second-moment closure and its application to separating and reattaching flows},
	Volume = {19},
	Year = {1998},
}

@article{craft1996reynolds,
	Author = {Craft, TJ and Launder, BE},
	Date-Added = {2012-04-02 12:17:05 +0200},
	Date-Modified = {2012-04-02 12:17:05 +0200},
	Journal = {International Journal of Heat and Fluid Flow},
	Number = {3},
	Pages = {245--254},
	Publisher = {Elsevier},
	Title = {A Reynolds stress closure designed for complex geometries},
	Volume = {17},
	Year = {1996},
}

@article{xiao2011consistent,
	Author = {Xiao, H. and Jenny, P.},
	Date-Added = {2012-03-29 10:38:44 +0100},
	Date-Modified = {2012-03-29 10:38:59 +0100},
	Journal = {Journal of Computational Physics},
	Pages = {1848-1865},
	Publisher = {Elsevier},
	Title = {A consistent dual-mesh framework for hybrid LES/RANS modeling},
	Year = {2011},
}

@article{favier2011control,
	Author = {Favier, J. and Pinelli, A. and Piomelli, U.},
	Date-Added = {2012-03-28 11:55:09 +0100},
	Date-Modified = {2012-03-28 11:55:09 +0100},
	Journal = {Comptes Rendus M{\'e}canique},
	Publisher = {Elsevier},
	Title = {Control of the separated flow around an airfoil using a wavy leading edge inspired by humpback whale flippers},
	Year = {2011},
}

@article{dauptain2008hydrodynamics,
	Author = {Dauptain, A. and Favier, J. and Bottaro, A.},
	Date-Added = {2012-03-28 09:49:23 +0100},
	Date-Modified = {2012-03-28 09:49:23 +0100},
	Journal = {Journal of Fluids and Structures},
	Number = {8},
	Pages = {1156--1165},
	Publisher = {Elsevier},
	Title = {Hydrodynamics of ciliary propulsion},
	Volume = {24},
	Year = {2008},
}

@article{favier2010passive,
	Author = {Favier, J. and Dauptain, A. and Basso, D. and Bottaro, A.},
	Date-Added = {2012-03-28 09:45:46 +0100},
	Date-Modified = {2012-03-28 09:46:43 +0100},
	Journal = {Journal of Fluid Mechanics},
	Pages = {451--483},
	Publisher = {Cambridge Univ Press},
	Title = {Passive separation control using a self-adaptive hairy coating},
	Volume = {627},
	Year = {2010},
}

@article{thielen2005predictions,
	Author = {Thielen, L. and Hanjali{\'c}, K. and Jonker, H. and Manceau, R.},
	Date-Added = {2012-03-19 19:38:17 +0100},
	Date-Modified = {2012-03-19 19:38:17 +0100},
	Journal = {International journal of heat and mass transfer},
	Number = {8},
	Pages = {1583--1598},
	Publisher = {Elsevier},
	Title = {Predictions of flow and heat transfer in multiple impinging jets with an elliptic-blending second-moment closure},
	Volume = {48},
	Year = {2005},
}

@article{revell2011turbulence,
	Author = {Revell, A.J. and Craft, T.J. and Laurence, D.R.},
	Date-Added = {2012-03-19 17:53:35 +0100},
	Date-Modified = {2012-03-19 17:53:35 +0100},
	Journal = {Flow, Turbulence and Combustion},
	Number = {1},
	Pages = {129--151},
	Publisher = {Springer},
	Title = {Turbulence Modelling of Unsteady Turbulent Flows Using the Stress Strain Lag Model},
	Volume = {86},
	Year = {2011},
}

@article{revell2006stress,
	Author = {Revell, AJ and Benhamadouche, S. and Craft, T. and Laurence, D.},
	Date-Added = {2012-03-19 17:51:55 +0100},
	Date-Modified = {2012-03-19 17:51:55 +0100},
	Journal = {International journal of heat and fluid flow},
	Number = {5},
	Pages = {821--830},
	Publisher = {Elsevier},
	Title = {A stress--strain lag Eddy viscosity model for unsteady mean flow},
	Volume = {27},
	Year = {2006},
}

@article{reif2006towards,
	Author = {Reif, B.A.P.},
	Date-Added = {2012-03-19 09:11:15 +0100},
	Date-Modified = {2012-03-19 09:11:15 +0100},
	Journal = {Flow, turbulence and combustion},
	Number = {3},
	Pages = {241--256},
	Publisher = {Springer},
	Title = {Towards a nonlinear eddy-viscosity model based on elliptic relaxation},
	Volume = {76},
	Year = {2006},
}

@phdthesis{Momeni:2008fk,
	Author = {Momeni, P.},
	Date-Added = {2012-03-15 11:12:13 +0100},
	Date-Modified = {2012-03-28 11:57:26 +0100},
	Keywords = {backward facing step},
	School = {School of Mechanical, Aerospace and Civil Engineering, The Univeristy of Manchester},
	Title = {Modelling the effect of pulsation on flow and heat transfer in turbulent separated and reattaching flows},
	Year = {2008},
}

@inproceedings{parneix1996second,
	Author = {Parneix, S. and Laurence, D. and Durbin, P.},
	Booktitle = {Proc. 1996 Summer Program, Center for Turbulence Research, NASA Ames/Stanford Univ},
	Date-Added = {2012-03-14 22:22:41 +0100},
	Date-Modified = {2012-07-17 09:07:40 +0000},
	Keywords = {backward facing step},
	Pages = {47--62},
	Title = {Second moment closure analysis of the backstep flow database},
	Year = {1996},
}

@article{le1997direct,
	Author = {Le, H. and Moin, P. and Kim, J.},
	Date-Added = {2012-03-14 22:16:42 +0100},
	Date-Modified = {2012-03-14 22:17:32 +0100},
	Journal = {Journal of Fluid Mechanics},
	Keywords = {backward facing step},
	Number = {1},
	Pages = {349--374},
	Publisher = {Cambridge Univ Press},
	Title = {Direct numerical simulation of turbulent flow over a backward-facing step},
	Volume = {330},
	Year = {1997}
}

@article{chun1996control,
	Author = {Chun, KB and Sung, HJ},
	Date-Added = {2012-03-10 16:56:59 +0100},
	Date-Modified = {2012-03-14 22:17:43 +0100},
	Journal = {Experiments in Fluids},
	Keywords = {backward facing step},
	Number = {6},
	Pages = {417--426},
	Publisher = {Springer},
	Title = {Control of turbulent separated flow over a backward-facing step by local forcing},
	Volume = {21},
	Year = {1996},
}

@misc{Finch:2009,
title = {Incremental calculation of weighted mean and variance},
author = {Finch, T.},
howpublished = {\url{http://nfs-uxsup.csx.cam.ac.uk/~fanf2/hermes/doc/antiforgery/stats.pdf}},
month = {February},
year = {2009},
note = {University of Cambridge Computing Service},
}

@techreport{Pebay:2008,
title = {Formulas for Robust, One-Pass Parallel Computation of Covariances and Arbitrary-Order Statistical Moments},
author = {Pébay, P.},
number = {SAND2008-6212},
institution = {Sandia National Laboratories},
url = {http://infoserve.sandia.gov/sand_doc/2008/086212.pdf},
month = {September},
year = {2008}
}

@inproceedings{Fox:1988,
  Author = {Fox, G.C. and Furmanski, W.},
  Booktitle = {Proceedings of the third conference on Hypercube concurrent computers and applications: Architecture, software, computer systems, and general issues - Volume 1},
  Title = {Hypercube algorithms for neural network simulation: the Crystal Accumulator and the Crystal Router},
  Year = {1988},
}

@inproceedings{Hoefler:2010,
  Author = {Hoefler, T. and Siebert, C. and Lumsdaine, A.},
  Booktitle = {PPoPP '10: Proceedings of the 15th ACM SIGPLAN symposium on Principles and practice of parallel programming},
  Title = {Scalable communication protocols for dynamic sparse data exchange},
  Pages = {159--168},
  Publisher = {ACM},
  doi = {10.1145/1693453.1693476},
  url = {http://htor.inf.ethz.ch/publications/img/hoefler-dsde-protocols.pdf},
  isbn = {978-1-60558-708-0},
  Year = {2010},
}

@article{Castaldo:2008,
title = "Reducing Floating Point Error in Dot Product Using the Superblock Family
 of Algorithms",
journal = "SIAM J. SCI. COMPUT.",
volume = "31",
number = "2",
pages = "1156 - 1174",
year = "2008",
doi = "http://dx.doi.org/10.1137/070679946",
url = "http://www.csc.lsu.edu/~whaley/papers/SCE001156.pdf",
author = "Castaldo, Anthony M. and Whaley, R. Clint and Chronopoulos, Anthony
  T.",
keywords = "dot product",
keywords = "inner product",
keywords = "error analysis",
keywords = "BLAS",
keywords = "ATLAS"
}

@article{Kahan:1965,
title = "Pracniques: further remarks on reducing truncation errors",
journal = "Communications of the ACM",
volume = "8",
number = "1",
year = "1965",
doi = "http://dx.doi.org/10.1145/363707.363723",
author = "Kahan, W.",
}

@article{Notay:2015,
title = "A massively parallel solver for discrete Poisson-like problems",
journal = "J. Comput. Physiscs",
volume = "281",
pages = "237 - 250",
year = "2015",
doi = "https://doi.org/10.1016/j.jcp.2014.10.043",
author = "Notay, Y. and Napov, A.",
}

% Examples
@InProceedings{Toto:2000b,
author = {Toto, T.},
title = {Title},
booktitle = {Toto's Conference},
year = {2000}
}

@PhDThesis{Toto:2000c,
title = {Title},
author = {Toto, T},
school = {Toto's University},
year = {2000}
}

@book{Toto:2000d,
author = {Toto, T},
title = {Toto's life},
year = {2000},
publisher= {Toto's compagny}
}

@InBook{Abdul-Razzak:2000,
title = {A parametrisation of aerosol activation.2.Multiple aerosol types},
author = {Abdul-Razzak, H. and Ghan, S.A.},
publisher = {J. Geophys Res},
year = {2000},
pages = {105:6837-6844},
}

@Article{Atwater:1978,
title = {A numerical solar radiation model based on standard meteorological observations},
author = {Atwater, M.A. and Ball, J.T.},
journal = {Solar Energy},
year = {1978},
volume ={21},
pages = {163-170}
}

@InBook{:,
title = {},
author = {},
publisher = {},
year = {},
pages = {},
}

@Article{:,
title = {},
author = {},
journal = {},
year = {},
volume ={},
pages = {}
}

@Article{Barnes:1964,
title = {A technique for Maximizing Details in Numerical Weather Map Analysis},
author = {Barnes, A.},
journal = {Journal of Applied Meteorology},
year = {1964},
volume ={3},
pages = {369-409}
}

@Article{Beljaars:1991,
title = {Flux parameterization over land surfaces for atmospheric models.},
author = {Beljaars, A.C.M. and Holtslag, A.A.M.},
journal = {J. Appl. Meteorol.},
year = {1991},
volume ={30},
pages = {327-341}
}

@Article{Betts:1973,
title = {Non-precipitating cumulus convection and its parameterization.},
author = {Betts, A.K.},
journal = {Q. Jl R. Met. Soc.},
year = {1973},
volume ={99},
pages = {178-196}
}

@Article{Bougeault:1985,
title = {The diurnal cycle of the marine stratocumulus layer: a higher-order model study.},
author = {Bougeault, P.},
journal = {J. Atmos. Sci.},
year = {1985},
volume ={42},
pages = {2826-2843}
}


@Article{Bouzereau:2007,
title = {On the definition of the
cloud water content fluctuations and its effects on the computation of a
second-order liquid water correlation.},
author = {Bouzereau, E. and Musson-Genon, L. and Carissimo, B.},
journal = {J. Atmos. Sci},
year = {2007},
volume ={64},
pages = {665-669}
}

@Article{Businger:1971,
title = {Flux-Profile Relationships in the Atmospheric Surface Layer},
author = {Businger, J.A. and Wyngaard, J.C. and Izumi, Y. and Bradley, E.F.},
journal = {J. Atmos. Sci},
year = {1971},
volume ={28},
pages = {181-189}
}


@Article{Chaumerliac:1987,
title = {Sulfur scavenging in a mesoscale model with quasi-spectral microphysics},
author = {Chaumerliac, N. and Richard, E. and Pinty, J-P. and Nickerson, E.C.},
journal = {J. geophys. Res.},
year = {1987},
volume ={92},
pages = {3114-3126}
}

@Article{Cheng:2005,
title = {Flux-Profile Relationships for Wind Speed and Temperature in the Stable Atmospheric Boundary Layer},
author = {Cheng,Y. and Brutsaert, W.},
journal = {Boundary-Layer Meteorol.},
year = {2005},
volume ={115},
pages = {519-538}
}

@Article{Chou:1980,
title = {Computation of infrared cooling rates in the water vapor bands},
author = {Chou, M.D. and Arking, A.},
journal = {J. Atmos. Sci},
year = {1980},
volume ={37},
pages = {855-867}
}

@Article{Cohard:1998,
title = {Extending twomey's analytical estimate of nucleated cloud droplet concentration from CCN spectra.},
author = {Cohard, J.M. and Pinty, J-P. and Bedos, C.},
journal = {J. atmos. Sci.},
year = {1998},
volume ={55},
pages = {3348-3357}
}

@Article{Cohard:2000,
title = {A comprehensive two-moment warm micro-physical bulk scheme.},
author = {Cohard, J.-M. and Pinty, J-P.},
journal = {Q. Jl. R. Met. Soc.},
year = {2000},
volume ={126},
pages = {1815-1842}
}


@Article{Cressman:1959,
title = {An Operational Objective Analysis System. Monthly Weather review},
author = {Cressman},
journal = {Monthly Weather review},
year = {1959},
volume ={87},
pages = {367-374}
}

@Article{Deardorff:1978,
title = {Efficient prediction of ground surface temperature and moisture, with inclusion of a layer of vegetation},
author = {Deardorff, J.},
journal = {J Geophys Res},
year = {1978},
volume ={83},
pages = {1889-1903}
}

@InBook{Garratt:1992,
title = {The Atmospheric Boundary Layer},
author = {Garratt, J.R.},
publisher = {Cambridge University Press},
year = {1992},
pages = {},
}

@Article{Green:1964,
title = {Attenuation by ozone and the earth albedo in the middle ultraviolet},
author = {Green, A.E.S.},
journal = {Appl opt},
year = {1964},
volume ={3},
pages = {203-208}
}

@Article{Hicks:1976,
title = {Wind Profile Relationships from the ``Wangara'' Experiment' },
author = {Hicks, B.B.},
journal = {Quart. J. Roy. Meteorol. Soc},
year = {1976},
volume ={102},
pages = {535-551}
}

@InBook{Holton:1979,
title = {An introduction to dynamic meteorology.},
author = {Holton, J.R.},
publisher = {Academic Press},
year = {1979},
pages = {},
}

@Article{Joseph:1976,
title = {The delta-eddigton approximation for radiative flux transfer},
author = {Joseph, J.H. and Wiscombe, W.J. and Weinman, J.A.},
journal = {J.Atmos.Sci},
year = {1976},
volume ={33},
pages = {2452-2459}
}

@Article{Lacis:1974,
title = {A parameterization for the absorption of solar radiation in the earth's atmosphere.},
author = {Lacis, A. and Hansen, J.},
journal = {J. Atmos. Sci.},
year = {1974},
volume ={31},
pages = {118-133}
}

@Article{Liou:2002,
title = {An introduction to atmospheric radiation.},
author = {Liou, K-N.},
journal = {Academic Press.},
year = {2002},
volume ={84},
pages = {}
}

@Article{Louis:1982,
title = {A short history of the PBL parameterization at ECMWF.},
author = {Louis, J.F. and Tiedke, M. and Geleyn, J.F.},
journal = {Proc. ECMWF Workshop on Planetary Boundary Layer Parameterization},
year = {1982},
volume ={},
pages = {59-79}
}

@Article{Makke:2016,
title = {A new method for fast computation of three dimensional
atmospheric infrared radiative transfer in a non-scattering medium and
application to dynamical simulation of radiation fog in a built
environment},
author = {Makke, L. and Musson-Genon, L. and Carissimo, B. and Plion, P. and Milliez, M. and Douce, A.},
journal = {J. Atmos. Sci.},
year = {2016},
volume ={},
pages = {DOI:10-1175/JAS-D-15-0012.1}
}

@Article{Monin:1954,
title = {Basic Laws of turbulent mixing in the atmosphere near the ground},
author = {Monin, A.S. and Obukhov, A.M.},
journal = {Tr. Akad. Nauk., SSSR Geophiz. Inst.},
year = {1954},
volume ={24},
pages = {1963-1987}
}

@Article{Musson-Genon:1987,
title = {Numerical simulation of a fog event with a one-dimensional boundary layer model.},
author = {Musson-Genon, L.},
journal = {Mon. wea. Rev.},
year = {1987},
volume ={115},
pages = {592-607}
}

@Article{Musson-Genon:1995,
title = {Comparison of different simple turbulence closures with a one-dimensional boundary layer model.},
author = {Musson-Genon, L.},
journal = {Mon. wea. Rev.},
year = {1995},
volume ={123},
pages = {163-180}
}

@Article{Musson_Genon:2007,
title = {Reconstruction of the
surface-layer vertical structure from measurements of wind, temperature and
humidity at two levels.},
author = {Musson-Genon, L. and Dupont, E. and Wendum, D.},
journal = {DOI 10.1007/s10546-007-9178-5},
year = {2007},
volume ={124},
pages = {235-250}
}


@Article{Paltridge:1974,
title = {Radiative processes in meteorology and climatology},
author = {Paltridge, G.W. and Platt C.M.R.},
journal = {ELSEVIER},
year = {1974},
volume ={},
pages = {378}
}

@InBook{Pielke:1984,
title = {Mesoscale Meteorological Modeling},
author = {Pielke, R.A.},
publisher = {Academic Press Inc},
year = {1984},
pages = {}
}

@Article{Ponnulakshmi:2012,
title = {Hypercooling in the nocturnal boundary layer: Broadband emissivity schemes},
author = {Ponnulakshmi, V.K. and Mukund,V. and Singh, D.K. and Sreenivas, K.R. and Subramanian, G.},
journal = {J. Atmos. Sci.},
year = {2012},
volume ={69},
pages = {2892-2905.}
}

@Article{Pruppacher:2000,
title = {Microphysics of Clouds and Precipitation. Atmospheric Sciences Library. },
author = {Pruppacher,H.R. and Klett, J.D.},
journal = {Kluwer Academic Publishers,
Boston, MA,Second Revised and Enlarged Edition with an Introduction
to Cloud Chemistry and Cloud Electricity. },
year = {2000},
volume ={},
pages = {}
}
@Article{Sasamori:1968,
title = {The radiative cooling calculation for application to general circulation experiments.},
author = {Sasamori, T.},
journal = {J. Appl. Meteor.},
year = {1968},
volume ={7},
pages = {721-729.}
}

@Article{Sasamori:1972,
title = {A linear harmonic analysis of atmospheric motion with radiative dissipation.},
author = {Sasamori, T.},
journal = {J. Meteor. Soc. Jap.},
year = {1972},
volume ={50},
pages = {505-518}
}

@Article{Stephens:1984,
title = {The parameterization of radiation for numerical weather prediction and climate models.},
author = {Stephens, G.L.},
journal = {Mon. Wea. Rev},
year = {1984},
volume ={12},
pages = {826-866}
}

@InBook{Stull:1988,
title = {An introduction to Boundary Layer Meteorology},
author = {Stull},
publisher = {Atmospheric Sciences Library, Kluwer Academic Publishers},
year = {1988},
pages = {},
}

@Article{Veyre:1980,
title = {Mod\'{e}lisation de l'effet
des h\'{e}t\'{e}rog\'{e}n\'{e}it\'{e}s du champ radiative infra-rouge sur la dynamique des nuages.},
author = {Veyre, P. and Sommeria, G. and Fouquart, Y.},
journal = {J. Rech. Atmos.},
year = {1980},
volume ={14},
pages = {89-108}
}

@InBook{Wallace:1977,
title = {Atmospheric Science - An introductory survey.},
author = {Wallace, J.M. and Hobbs, P.},
publisher = {Academic Press. New~York, },
year = {1977},
pages = {},
}

@Article{Yamamoto:1962,
title = {On the radiation chart. Science reports of the Tohoku University.},
author = {Yamamoto, G.},
journal = {Ser. 5, Geophysics},
year = {1962},
volume ={4-1},
pages = {9-23}
}

@Article{Zhang:2001,
title = {A size-segregated particle dry deposition scheme for an atmospheric aerosol module.},
author = {Zhang, L. and Gong, S. and Padro, J. and Barrie, L.},
journal = {Atmos Environ},
year = {2001},
volume ={35},
pages = {549-560}
}

@Article{Zhang:2014,
title = {On the
influence of a simple microphysics parametrization on radiation fog modelling: a case study during ParisFog.},
author = {Zhang, X. and Musson-Genon, L. and Dupont, E. and Milliez, M. and Carissimo, B.},
journal = {Boundary-Layer Meteorol},
year = {2014},
volume ={151},
pages = {293-315}
}

@article{Osada:2002:SD:571647.571648,
 author = {Osada, Robert and Funkhouser, Thomas and Chazelle, Bernard and Dobkin, David},
 title = {Shape Distributions},
 journal = {ACM Trans. Graph.},
 issue_date = {October 2002},
 volume = {21},
 number = {4},
 month = oct,
 year = {2002},
 issn = {0730-0301},
 pages = {807--832},
 numpages = {26},
 url = {http://doi.acm.org/10.1145/571647.571648},
 doi = {10.1145/571647.571648},
 acmid = {571648},
 publisher = {ACM},
 address = {New York, NY, USA},
 keywords = {Shape analysis, shape representation},
}
